%% Background
%%%% Sets
@article{ZF,
  title={{\"U}ber Grenzzahlen und Mengenbereiche},
  author={Zermelo, Ernest},
  journal={Fundamenta Mathematicae},
  volume={16},
  number={1},
  pages={29--47},
  year={1930}
}

@article{ZFC,
  title={Set Theory},
  author={KUNEN, K},
  journal={Handbook of Mathematical Logic},
  pages={317},
  year={1982},
  publisher={Elsevier}
}

@book{NBG,
 ISBN = {9780691079271},
 URL = {http://www.jstor.org/stable/j.ctt1b9rzx4},
 author = {Kurt GÃ¶del},
 publisher = {Princeton University Press},
 title = {Consistency of the Continuum Hypothesis. (AM-3)},
 year = {1940}
}

@book{NBG1,
  title={Introduction to mathematical logic},
  author={Mendelson, Elliott},
  year={1987},
  publisher={CRC press}
}

%%%% Closed Semiring
@inproceedings{CS,
  title={On Kleene algebras and closed semirings},
  author={Kozen, Dexter},
  booktitle={International Symposium on Mathematical Foundations of Computer Science},
  pages={26--47},
  year={1990},
  organization={Springer}
}


%%%% Category Theory
@article{CT1,
  title={Abstract and concrete categories. The joy of cats},
  author={Ad{\'a}mek, Ji{\v{r}}{\'\i} and Herrlich, Horst and Strecker, George E},
  year={2004},
  publisher={Citeseer}
}

@book{CT2,
  title={Category theory: an introduction},
  author={Herrlich, Horst and Strecker, George E},
  volume={1},
  year={1979},
  publisher={Heldermann}
}

%%%% Weighted Automata
@book{HWA,
  title={Handbook of weighted automata},
  author={Droste, Manfred and Kuich, Werner and Vogler, Heiko},
  year={2009},
  publisher={Springer Science \& Business Media}
}

@article{schutz,
  title={On the definition of a family of automata},
  author={Sch{\"u}tzenberger, Marcel Paul},
  journal={Inf. Control.},
  volume={4},
  number={2-3},
  pages={245--270},
  year={1961}
}

@article{WA,
  title={Weighted Automata},
  author={Bollig, Benedikt and Zeitoun, Marc},
  journal={LSV, ENS Marc Zeitoum},
  year={2011}
}



