@article{mc_agg_crn,
  author    = {Tatjana Petrov},
  title     = {Markov chain aggregation and its application to rule-based modelling},
  journal   = {CoRR},
  volume    = {abs/1812.09774},
  year      = {2018},
  url       = {http://arxiv.org/abs/1812.09774},
  archivePrefix = {arXiv},
  eprint    = {1812.09774},
  timestamp = {Wed, 02 Jan 2019 14:40:18 +0100},
  biburl    = {https://dblp.org/rec/journals/corr/abs-1812-09774.bib},
  bibsource = {dblp computer science bibliography, https://dblp.org}
}

@article{moore2000quantum,
  title={Quantum automata and quantum grammars},
  author={Moore, Cristopher and Crutchfield, James P},
  journal={Theoretical Computer Science},
  volume={237},
  number={1-2},
  pages={275--306},
  year={2000},
  publisher={Elsevier}
}

@article{einstein1906theory,
  title={On the theory of the Brownian movement},
  author={Einstein, Albert},
  journal={Ann. Phys},
  volume={19},
  number={4},
  pages={371--381},
  year={1906}
}

@inproceedings{wolf,
author = {Henzinger, Thomas and Jobstmann, Barbara and Wolf, Verena},
year = {2009},
month = {09},
pages = {},
title = {Formalisms for Specifying Markovian Population Models},
volume = {22},
journal = {International Journal of Foundations of Computer Science},
doi = {10.1007/978-3-642-04420-5_2}
}

@book{von2018mathematical,
  title={Mathematical foundations of quantum mechanics: New edition},
  author={Von Neumann, John},
  year={2018},
  publisher={Princeton university press}
}


@article{Kiefer2013OnTC,
  title={On the Complexity of Equivalence and Minimisation for Q-weighted Automata},
  author={Stefan Kiefer and Andrzej S. Murawski and Jo{\"e}l Ouaknine and Bj{\"o}rn Wachter and James Worrell},
  journal={Logical Methods in Computer Science},
  year={2013},
  volume={9}
}

@article{Cardelli2017MaximalAO,
  title={Maximal aggregation of polynomial dynamical systems},
  author={Luca Cardelli and Mirco Tribastone and Max Tschaikowski and Andrea Vandin},
  journal={Proceedings of the National Academy of Sciences of the United States of America},
  year={2017},
  volume={114 38},
  pages={
          10029-10034
        }
}

@article{richard,
title = "Time-delay systems: an overview of some recent advances and open problems",
journal = "Automatica",
volume = "39",
number = "10",
pages = "1667 - 1694",
year = "2003",
issn = "0005-1098",
doi = "https://doi.org/10.1016/S0005-1098(03)00167-5",
url = "http://www.sciencedirect.com/science/article/pii/S0005109803001675",
author = "Jean-Pierre Richard",
}

@book{dae,
  title={Differential-algebraic equations: analysis and numerical solution},
  author={Kunkel, Peter and Mehrmann, Volker},
  volume={2},
  year={2006},
  publisher={European Mathematical Society}
}

@article{ode_dae,
author = {Petzold, Linda},
title = {Differential/Algebraic Equations Are Not ODE’s},
year = {1982},
issue_date = {September 1982},
publisher = {Society for Industrial and Applied Mathematics},
address = {USA},
volume = {3},
number = {3},
issn = {0196-5204},
url = {https://doi.org/10.1137/0903023},
doi = {10.1137/0903023},
journal = {SIAM J. Sci. Stat. Comput.},
month = sep,
pages = {367–384},
numpages = {18},
keywords = {singular differential systems, ordinary differential equations, numerical methods, error estimates, backward differentiation formulas, stiff}
}

@book{dtsp,
  title={Discrete-time signal processing},
  author={Oppenheim, Alan V},
  year={1999},
  publisher={Pearson Education India}
}

  
@book{fde,
  title={Introduction to functional differential equations},
  author={Hale, Jack K and Lunel, Sjoerd M Verduyn and Verduyn, Lunel S and Lunel, Sjoerd M Verduyn},
  volume={99},
  year={1993},
  publisher={Springer Science \& Business Media}
}

@book{handbook_de,
  title={Handbook of differential equations},
  author={Zwillinger, Daniel},
  volume={1},
  year={1998},
  publisher={Gulf Professional Publishing}
}

@article{ide,
  title={Theory of functionals and of integral and integro-differential equations},
  author={Volterra, Vito},
  year={1959},
  publisher={Dover}
}

@article{nlc,
  title={Nonlinear dynamics and chaos: with applications to physics, biology, chemistry, and engineering (studies in nonlinearity)},
  author={Strogatz, Stephen},
  year={2001}
}

@book{simmons_de,
  title={Differential equations with applications and historical notes},
  author={Simmons, George F},
  year={2016},
  publisher={CRC Press}
}

@incollection{sde,
  title={Stochastic differential equations},
  author={{\O}ksendal, Bernt},
  booktitle={Stochastic differential equations},
  pages={65--84},
  year={2003},
  publisher={Springer}
}

@incollection{sokolova,
  title={Probabilistic automata: system types, parallel composition and comparison},
  author={Sokolova, Ana and De Vink, Erik P},
  booktitle={Validation of Stochastic Systems},
  pages={1--43},
  year={2004},
  publisher={Springer}
}


@book{automatastudies,
  title={Automata Studies.(AM-34)},
  author={Shannon, C. E. and McCarthy, J. and Ashby W. R. and Minsky, M. L. 
        and Moore, E. F. and Kleene, S. C. and Von Neumann, J. and Culterson, J. T. and Davis, M. D.
        and De Leeuw, K. and Mac Kay, D. M. and Shapiro, N. and Uttley, A. M.},
  volume={34},
  year={1956},
  publisher={Princeton University Press}
}

@article{newton,
  title={Methodus fluxionum et serierum infinitarum},
  author={Newton, Isaac},
  journal={Opuscula mathematica, philosophica et philologica},
  volume={1},
  pages={1774},
  year={1774}
}

@article{ppat,
  title={Analysis of probabilistic processes and automata theory},
  author={Etessami, Kousha},
  journal={Automata: from Mathematics to Applications},
  year={2016}
}

@book{ata,
  title={Applications of automata theory and algebra: via the mathematical theory of complexity to biology, physics, psychology, philosophy, and games},
  author={Rhodes, John and Nehaniv, Chrystopher L and Hirsch, Morris W},
  year={2010},
  publisher={World Scientific}
}

@book{hwa,
  title={Handbook of weighted automata},
  author={Droste, Manfred and Kuich, Werner and Vogler, Heiko},
  year={2009},
  publisher={Springer Science \& Business Media}
}

@book{paz,
  title={Introduction to probabilistic automata},
  author={Paz, Azaria},
  year={2014},
  publisher={Academic Press}
}

@article{stoelinga,
  title={An introduction to probabilistic automata},
  author={Stoelinga, Mari{\"e}lle},
  journal={Bulletin of the EATCS},
  volume={78},
  number={176-198},
  pages={2},
  year={2002}
}


@article{survey,
  title={Probabilistic automata},
  author={Bukharaev, RG},
  journal={Journal of Soviet Mathematics},
  volume={13},
  number={3},
  pages={359--386},
  year={1980},
  publisher={Springer}
}

@incollection{patypes,
  title={Probabilistic automata: system types, parallel composition and comparison},
  author={Sokolova, Ana and De Vink, Erik P},
  booktitle={Validation of Stochastic Systems},
  pages={1--43},
  year={2004},
  publisher={Springer}
}


@article{pg,
  title={Probabilistic grammars and their applications},
  author={Geman, Stuart and Johnson, Mark},
  journal={International Encyclopedia of the Social \& Behavioral Sciences},
  volume={2002},
  pages={12075--12082},
  year={2002},
  publisher={Pergamon}
}

@inproceedings{rpga,
  title={Relating probabilistic grammars and automata},
  author={Abney, Steven and McAllester, David and Pereira, Fernando},
  booktitle={Proceedings of the 37th Annual Meeting of the Association for Computational Linguistics},
  pages={542--549},
  year={1999}
}

@book{paz,
  title={Script: Linear Algebra I},
  author={Scheiderer, Claus},
  year={2017}
}

@article{stochsysI,
  title={A theory of stochastic systems part I: Stochastic automata},
  author={D’Argenio, Pedro R and Katoen, Joost-Pieter},
  journal={Information and computation},
  volume={203},
  number={1},
  pages={1--38},
  year={2005},
  publisher={Elsevier}
}

@article{stochsysII,
  title={A theory of stochastic systems. Part II: Process algebra},
  author={D’Argenio, Pedro R and Katoen, Joost-Pieter},
  journal={Information and Computation},
  volume={203},
  number={1},
  pages={39--74},
  year={2005},
  publisher={Elsevier}
}


@article{schutz,
  title={On the definition of a family of automata},
  author={Sch{\"u}tzenberger, Marcel Paul},
  journal={Information and control},
  volume={4},
  number={2-3},
  pages={245--270},
  year={1961}
}


@article{rabin,
  title={Probabilistic automata},
  author={Rabin, Michael O},
  journal={Information and control},
  volume={6},
  number={3},
  pages={230--245},
  year={1963},
  publisher={Elsevier}
}
