@article{mc_agg_crn,
  author    = {Tatjana Petrov},
  title     = {Markov chain aggregation and its application to rule-based modelling},
  journal   = {CoRR},
  volume    = {abs/1812.09774},
  year      = {2018},
  url       = {http://arxiv.org/abs/1812.09774},
  archivePrefix = {arXiv},
  eprint    = {1812.09774},
  timestamp = {Wed, 02 Jan 2019 14:40:18 +0100},
  biburl    = {https://dblp.org/rec/journals/corr/abs-1812-09774.bib},
  bibsource = {dblp computer science bibliography, https://dblp.org}
}

@article{moore2000quantum,
  title={Quantum automata and quantum grammars},
  author={Moore, Cristopher and Crutchfield, James P},
  journal={Theoretical Computer Science},
  volume={237},
  number={1-2},
  pages={275--306},
  year={2000},
  publisher={Elsevier}
}

@article{einstein1906theory,
  title={On the theory of the Brownian movement},
  author={Einstein, Albert},
  journal={Ann. Phys},
  volume={19},
  number={4},
  pages={371--381},
  year={1906}
}

@inproceedings{wolf,
author = {Henzinger, Thomas and Jobstmann, Barbara and Wolf, Verena},
year = {2009},
month = {09},
pages = {},
title = {Formalisms for Specifying Markovian Population Models},
volume = {22},
journal = {International Journal of Foundations of Computer Science},
doi = {10.1007/978-3-642-04420-5_2}
}

@book{von2018mathematical,
  title={Mathematical foundations of quantum mechanics: New edition},
  author={Von Neumann, John},
  year={2018},
  publisher={Princeton university press}
}


@article{Kiefer2013OnTC,
  title={On the Complexity of Equivalence and Minimisation for Q-weighted Automata},
  author={Stefan Kiefer and Andrzej S. Murawski and Jo{\"e}l Ouaknine and Bj{\"o}rn Wachter and James Worrell},
  journal={Logical Methods in Computer Science},
  year={2013},
  volume={9}
}

@article{Cardelli2017MaximalAO,
  title={Maximal aggregation of polynomial dynamical systems},
  author={Luca Cardelli and Mirco Tribastone and Max Tschaikowski and Andrea Vandin},
  journal={Proceedings of the National Academy of Sciences of the United States of America},
  year={2017},
  volume={114 38},
  pages={
          10029-10034
        }
}

@article{richard,
title = "Time-delay systems: an overview of some recent advances and open problems",
journal = "Automatica",
volume = "39",
number = "10",
pages = "1667 - 1694",
year = "2003",
issn = "0005-1098",
doi = "https://doi.org/10.1016/S0005-1098(03)00167-5",
url = "http://www.sciencedirect.com/science/article/pii/S0005109803001675",
author = "Jean-Pierre Richard",
}

@book{dae,
  title={Differential-algebraic equations: analysis and numerical solution},
  author={Kunkel, Peter and Mehrmann, Volker},
  volume={2},
  year={2006},
  publisher={European Mathematical Society}
}

@article{ode_dae,
author = {Petzold, Linda},
title = {Differential/Algebraic Equations Are Not ODE’s},
year = {1982},
issue_date = {September 1982},
publisher = {Society for Industrial and Applied Mathematics},
address = {USA},
volume = {3},
number = {3},
issn = {0196-5204},
url = {https://doi.org/10.1137/0903023},
doi = {10.1137/0903023},
journal = {SIAM J. Sci. Stat. Comput.},
month = sep,
pages = {367–384},
numpages = {18},
keywords = {singular differential systems, ordinary differential equations, numerical methods, error estimates, backward differentiation formulas, stiff}
}

@book{dtsp,
  title={Discrete-time signal processing},
  author={Oppenheim, Alan V},
  year={1999},
  publisher={Pearson Education India}
}

  
@book{fde,
  title={Introduction to functional differential equations},
  author={Hale, Jack K and Lunel, Sjoerd M Verduyn and Verduyn, Lunel S and Lunel, Sjoerd M Verduyn},
  volume={99},
  year={1993},
  publisher={Springer Science \& Business Media}
}

@book{handbook_de,
  title={Handbook of differential equations},
  author={Zwillinger, Daniel},
  volume={1},
  year={1998},
  publisher={Gulf Professional Publishing}
}

@article{ide,
  title={Theory of functionals and of integral and integro-differential equations},
  author={Volterra, Vito},
  year={1959},
  publisher={Dover}
}

@article{nlc,
  title={Nonlinear dynamics and chaos: with applications to physics, biology, chemistry, and engineering (studies in nonlinearity)},
  author={Strogatz, Stephen},
  year={2001}
}

@book{simmons_de,
  title={Differential equations with applications and historical notes},
  author={Simmons, George F},
  year={2016},
  publisher={CRC Press}
}

@incollection{sde,
  title={Stochastic differential equations},
  author={{\O}ksendal, Bernt},
  booktitle={Stochastic differential equations},
  pages={65--84},
  year={2003},
  publisher={Springer}
}

@incollection{sokolova,
  title={Probabilistic automata: system types, parallel composition and comparison},
  author={Sokolova, Ana and De Vink, Erik P},
  booktitle={Validation of Stochastic Systems},
  pages={1--43},
  year={2004},
  publisher={Springer}
}


@book{automatastudies,
  title={Automata Studies.(AM-34)},
  author={Shannon, C. E. and McCarthy, J.},
  volume={34},
  year={1956},
  publisher={Princeton University Press}
}

@article{newton,
  title={Methodus fluxionum et serierum infinitarum},
  author={Newton, Isaac},
  journal={Opuscula mathematica, philosophica et philologica},
  volume={1},
  pages={1774},
  year={1774}
}

@article{ppat,
  title={Analysis of probabilistic processes and automata theory},
  author={Etessami, Kousha},
  journal={Automata: from Mathematics to Applications},
  year={2016}
}

@book{ata,
  title={Applications of automata theory and algebra: via the mathematical theory of complexity to biology, physics, psychology, philosophy, and games},
  author={Rhodes, John and Nehaniv, Chrystopher L and Hirsch, Morris W},
  year={2010},
  publisher={World Scientific}
}

@book{hwa,
  title={Handbook of weighted automata},
  author={Droste, Manfred and Kuich, Werner and Vogler, Heiko},
  year={2009},
  publisher={Springer Science \& Business Media}
}

@book{paz,
  title={Introduction to probabilistic automata},
  author={Paz, Azaria},
  year={2014},
  publisher={Academic Press}
}

@article{stoelinga,
  title={An introduction to probabilistic automata},
  author={Stoelinga, Mari{\"e}lle},
  journal={Bulletin of the EATCS},
  volume={78},
  number={176-198},
  pages={2},
  year={2002}
}


@article{survey,
  title={Probabilistic automata},
  author={Bukharaev, RG},
  journal={Journal of Soviet Mathematics},
  volume={13},
  number={3},
  pages={359--386},
  year={1980},
  publisher={Springer}
}

@incollection{patypes,
  title={Probabilistic automata: system types, parallel composition and comparison},
  author={Sokolova, Ana and De Vink, Erik P},
  booktitle={Validation of Stochastic Systems},
  pages={1--43},
  year={2004},
  publisher={Springer}
}


@article{pg,
  title={Probabilistic grammars and their applications},
  author={Geman, Stuart and Johnson, Mark},
  journal={International Encyclopedia of the Social \& Behavioral Sciences},
  volume={2002},
  pages={12075--12082},
  year={2002},
  publisher={Pergamon}
}

@inproceedings{rpga,
  title={Relating probabilistic grammars and automata},
  author={Abney, Steven and McAllester, David and Pereira, Fernando},
  booktitle={Proceedings of the 37th Annual Meeting of the Association for Computational Linguistics},
  pages={542--549},
  year={1999}
}

@book{lina,
  title={Script: Linear Algebra I},
  author={Scheiderer, Claus},
  year={2017},
  publisher={Department of Mathematics and Statistics, University of Konstanz}
}

@article{stochsysI,
  title={A theory of stochastic systems part I: Stochastic automata},
  author={D’Argenio, Pedro R and Katoen, Joost-Pieter},
  journal={Information and computation},
  volume={203},
  number={1},
  pages={1--38},
  year={2005},
  publisher={Elsevier}
}

@article{stochsysII,
  title={A theory of stochastic systems. Part II: Process algebra},
  author={D’Argenio, Pedro R and Katoen, Joost-Pieter},
  journal={Information and Computation},
  volume={203},
  number={1},
  pages={39--74},
  year={2005},
  publisher={Elsevier}
}


@article{schutz,
  title={On the definition of a family of automata},
  author={Sch{\"u}tzenberger, Marcel Paul},
  journal={Information and control},
  volume={4},
  number={2-3},
  pages={245--270},
  year={1961}
}


@article{rabin,
  title={Probabilistic automata},
  author={Rabin, Michael O},
  journal={Information and control},
  volume={6},
  number={3},
  pages={230--245},
  year={1963},
  publisher={Elsevier}
}

@article{weighted,
  title={Weighted automata},
  author={Droste, Manfred and Kuske, Dietrich},
  journal={Handbook AutoMathA},
  year={2013}
}

@article{kameda,
  title={On the state minimization of nondeterministic finite automata},
  author={Kameda, Tsunehiko and Weiner, Peter},
  journal={IEEE Transactions on Computers},
  volume={100},
  number={7},
  pages={617--627},
  year={1970},
  publisher={IEEE}
}

@incollection{hopcroft1971n,
  title={An n log n algorithm for minimizing states in a finite automaton},
  author={Hopcroft, John},
  booktitle={Theory of machines and computations},
  pages={189--196},
  year={1971},
  publisher={Elsevier}
}

@article{brzozowski,
  title={Canonical regular expressions and minimal state graphs for definite events},
  author={Brzozowski, Janusz A},
  journal={Mathematical theory of Automata},
  volume={12},
  number={6},
  pages={529--561},
  year={1962}
}

@book{schoning,
  title={Theoretische Informatik-kurz gefasst},
  author={Sch{\"o}ning, Uwe},
  year={1992},
  publisher={BI-Wiss.-Verlag}
}


@inproceedings{kieferstab,
  title={Stability and complexity of minimising probabilistic automata},
  author={Kiefer, Stefan and Wachter, Bj{\"o}rn},
  booktitle={International Colloquium on Automata, Languages, and Programming},
  pages={268--279},
  year={2014},
  organization={Springer}
}

@article{geiger,
  title={Optimal kullback--leibler aggregation via information bottleneck},
  author={Geiger, Bernhard C and Petrov, Tatjana and Kubin, Gernot and Koeppl, Heinz},
  journal={IEEE Transactions on Automatic Control},
  volume={60},
  number={4},
  pages={1010--1022},
  year={2014},
  publisher={IEEE}
}

@article{bacci,
  title={On the metric-based approximate minimization of Markov Chains},
  author={Bacci, Giovanni and Bacci, Giorgio and Larsen, Kim G and Mardare, Radu},
  journal={Journal of Logical and Algebraic Methods in Programming},
  volume={100},
  pages={36--56},
  year={2018},
  publisher={Elsevier}
}

@inproceedings{buchholz,
  title={Exact and ordinary lumpability in finite Markov chains},
  author={Peter Buchholz},
  year={1994}
}

@article{kate,
  title={A successive lumping procedure for a class of Markov chains},
  author={Katehakis, Michael N and Smit, Laurens C},
  journal={Probability in the Engineering and Informational Sciences},
  volume={26},
  number={4},
  pages={483--508},
  year={2012},
  publisher={Cambridge University Press}
}

@inproceedings{valmari,
  title={Simple O (m logn) time Markov chain lumping},
  author={Valmari, Antti and Franceschinis, Giuliana},
  booktitle={International Conference on Tools and Algorithms for the Construction and Analysis of Systems},
  pages={38--52},
  year={2010},
  organization={Springer}
}

@inproceedings{boreale2017algebra,
  title={Algebra, coalgebra, and minimization in polynomial differential equations},
  author={Boreale, Michele},
  booktitle={International Conference on Foundations of Software Science and Computation Structures},
  pages={71--87},
  year={2017},
  organization={Springer}
}


@article{wissmann,
  title={From Generic Partition Refinement to Weighted Tree Automata Minimization},
  author={Wi{\ss}mann, Thorsten and Deifel, Hans-Peter and Milius, Stefan and Schr{\"o}der, Lutz},
  journal={arXiv preprint arXiv:2004.01250},
  year={2020}
}

@article{paigetarjan,
author = {Paige, Robert and Tarjan, Robert E.},
title = {Three Partition Refinement Algorithms},
journal = {SIAM Journal on Computing},
volume = {16},
number = {6},
pages = {973-989},
year = {1987},
doi = {10.1137/0216062},
URL = {https://doi.org/10.1137/0216062},
eprint = {https://doi.org/10.1137/0216062}
}

@article{jiang,
  title={Minimal NFA problems are hard},
  author={Jiang, Tao and Ravikumar, Bala},
  journal={SIAM Journal on Computing},
  volume={22},
  number={6},
  pages={1117--1141},
  year={1993},
  publisher={SIAM}
}

@article{buchholz2008bisimulation,
  title={Bisimulation relations for weighted automata},
  author={Buchholz, Peter},
  journal={Theoretical Computer Science},
  volume={393},
  number={1-3},
  pages={109--123},
  year={2008},
  publisher={Elsevier}
}


@incollection{deuflhard1996dynamic,
  title={Dynamic dimension reduction in ODE models},
  author={Deuflhard, Peter and Heroth, J{\"o}rg},
  booktitle={Scientific computing in chemical engineering},
  pages={29--43},
  year={1996},
  publisher={Springer}
}


@article{briggs1925note,
  title={A note on the kinetics of enzyme action},
  author={Briggs, George Edward and Haldane, John Burdon Sanderson},
  journal={Biochemical journal},
  volume={19},
  number={2},
  pages={338},
  year={1925},
  publisher={Portland Press Ltd}
}

@article{boulier2009towards,
  title={Towards an automated reduction method for polynomial ODE models of biochemical reaction systems},
  author={Boulier, Fran{\c{c}}ois and Lemaire, Fran{\c{c}}ois and Sedoglavic, Alexandre and {\"U}rg{\"u}pl{\"u}, Asl{\i}},
  journal={Mathematics in Computer Science},
  volume={2},
  number={3},
  pages={443--464},
  year={2009},
  publisher={Springer}
}

@article{curtiss1952integration,
  title={Integration of stiff equations},
  author={Curtiss, Charles Francis and Hirschfelder, Joseph O},
  journal={Proceedings of the National Academy of Sciences of the United States of America},
  volume={38},
  number={3},
  pages={235},
  year={1952},
  publisher={National Academy of Sciences}
}

@article{kutta1901beitrag,
  title={Beitrag zur naherungsweisen integration totaler differentialgleichungen},
  author={Kutta, Wilhelm},
  journal={Z. Math. Phys.},
  volume={46},
  pages={435--453},
  year={1901}
}

@article{orszag1969numerical,
  title={Numerical methods for the simulation of turbulence},
  author={Orszag, Steven A},
  journal={The Physics of Fluids},
  volume={12},
  number={12},
  pages={II--250},
  year={1969},
  publisher={American Institute of Physics}
}

@article{bobbio1986aggregation,
  title={An aggregation technique for the transient analysis of stiff Markov chains},
  author={Bobbio, Andrea and Trivedi, Kishor S.},
  journal={IEEE Transactions on computers},
  number={9},
  pages={803--814},
  year={1986},
  publisher={IEEE}
}


@article{von1966theory,
  title={Theory of self-reproducing automata},
  author={Von Neumann, John and Burks, Arthur W and others},
  journal={IEEE Transactions on Neural Networks},
  volume={5},
  number={1},
  pages={3--14},
  year={1966}
}

@incollection{olariu2005cellular,
  title={Cellular Automata, PDEs, and Pattern Formation},
  author={Olariu, Stephan and Zomaya, Albert Y},
  booktitle={Handbook of Bioinspired Algorithms and Applications},
  pages={291--302},
  year={2005},
  publisher={Chapman and Hall/CRC}
}

@article{grinstein1985statistical,
  title={Statistical mechanics of probabilistic cellular automata},
  author={Grinstein, G and Jayaprakash, C and He, Yu},
  journal={Physical review letters},
  volume={55},
  number={23},
  pages={2527},
  year={1985},
  publisher={APS}
}

@book{van1992stochastic,
  title={Stochastic processes in physics and chemistry},
  author={Van Kampen, Nicolaas Godfried},
  volume={1},
  year={1992},
  publisher={Elsevier}
}


@book{laplace1998pierre,
  title={Philosophical Essay on Probabilities: Translated from the fifth French edition of 1825},
  author={Laplace, Pierre-Simon},
  volume={13},
  year={1998},
  publisher={Springer Science \& Business Media}
}
